%YAML 1.1
%TAG !u! tag:unity3d.com,2011:
--- !u!1 &7702012096715350161
GameObject:
  m_ObjectHideFlags: 0
  m_CorrespondingSourceObject: {fileID: 0}
  m_PrefabInstance: {fileID: 0}
  m_PrefabAsset: {fileID: 0}
  serializedVersion: 6
  m_Component:
  - component: {fileID: 7707744648827048803}
  - component: {fileID: 7741751049605257281}
  - component: {fileID: 7742737685559223465}
  - component: {fileID: 7717583683014968965}
  - component: {fileID: 3800222851938475067}
  - component: {fileID: 4871566581094471458}
  - component: {fileID: 7745741791348825843}
  - component: {fileID: 4324528975504744760}
  - component: {fileID: 7746036544847437763}
  - component: {fileID: 2044929337}
  - component: {fileID: 5107629747327251711}
  - component: {fileID: 1409918540}
  m_Layer: 0
  m_Name: GamePlayerWorking
  m_TagString: Player
  m_Icon: {fileID: 0}
  m_NavMeshLayer: 0
  m_StaticEditorFlags: 0
  m_IsActive: 1
--- !u!4 &7707744648827048803
Transform:
  m_ObjectHideFlags: 0
  m_CorrespondingSourceObject: {fileID: 0}
  m_PrefabInstance: {fileID: 0}
  m_PrefabAsset: {fileID: 0}
  m_GameObject: {fileID: 7702012096715350161}
  m_LocalRotation: {x: 0, y: 0, z: 0, w: 1}
  m_LocalPosition: {x: 0, y: 6.58, z: 0}
  m_LocalScale: {x: 1, y: 1, z: 1}
  m_Children:
  - {fileID: 6158719019322644376}
  m_Father: {fileID: 0}
  m_RootOrder: 0
  m_LocalEulerAnglesHint: {x: 0, y: 0, z: 0}
--- !u!114 &7741751049605257281
MonoBehaviour:
  m_ObjectHideFlags: 0
  m_CorrespondingSourceObject: {fileID: 0}
  m_PrefabInstance: {fileID: 0}
  m_PrefabAsset: {fileID: 0}
  m_GameObject: {fileID: 7702012096715350161}
  m_Enabled: 1
  m_EditorHideFlags: 0
  m_Script: {fileID: 11500000, guid: 9b91ecbcc199f4492b9a91e820070131, type: 3}
  m_Name: 
  m_EditorClassIdentifier: 
  sceneId: 0
  serverOnly: 0
  visible: 0
  m_AssetId: 
  hasSpawned: 0
--- !u!114 &7742737685559223465
MonoBehaviour:
  m_ObjectHideFlags: 0
  m_CorrespondingSourceObject: {fileID: 0}
  m_PrefabInstance: {fileID: 0}
  m_PrefabAsset: {fileID: 0}
  m_GameObject: {fileID: 7702012096715350161}
  m_Enabled: 1
  m_EditorHideFlags: 0
  m_Script: {fileID: 11500000, guid: 2f74aedd71d9a4f55b3ce499326d45fb, type: 3}
  m_Name: 
  m_EditorClassIdentifier: 
  syncMode: 0
  syncInterval: 0
  clientAuthority: 1
  localPositionSensitivity: 0.01
  localRotationSensitivity: 0.01
  localScaleSensitivity: 0.01
--- !u!143 &7717583683014968965
CharacterController:
  m_ObjectHideFlags: 0
  m_CorrespondingSourceObject: {fileID: 0}
  m_PrefabInstance: {fileID: 0}
  m_PrefabAsset: {fileID: 0}
  m_GameObject: {fileID: 7702012096715350161}
  m_Material: {fileID: 0}
  m_IsTrigger: 0
  m_Enabled: 0
  serializedVersion: 2
  m_Height: 2.54
  m_Radius: 0.5
  m_SlopeLimit: 45
  m_StepOffset: 0.3
  m_SkinWidth: 0.08
  m_MinMoveDistance: 0.001
  m_Center: {x: 0, y: -0.05, z: 0}
--- !u!136 &3800222851938475067
CapsuleCollider:
  m_ObjectHideFlags: 0
  m_CorrespondingSourceObject: {fileID: 0}
  m_PrefabInstance: {fileID: 0}
  m_PrefabAsset: {fileID: 0}
  m_GameObject: {fileID: 7702012096715350161}
  m_Material: {fileID: 0}
  m_IsTrigger: 0
  m_Enabled: 1
  m_Radius: 0.5
  m_Height: 1
  m_Direction: 1
  m_Center: {x: 0, y: 0, z: 0}
--- !u!54 &4871566581094471458
Rigidbody:
  m_ObjectHideFlags: 0
  m_CorrespondingSourceObject: {fileID: 0}
  m_PrefabInstance: {fileID: 0}
  m_PrefabAsset: {fileID: 0}
  m_GameObject: {fileID: 7702012096715350161}
  serializedVersion: 2
  m_Mass: 1
  m_Drag: 0
  m_AngularDrag: 0.05
  m_UseGravity: 0
  m_IsKinematic: 1
  m_Interpolate: 0
  m_Constraints: 0
  m_CollisionDetection: 0
--- !u!114 &7745741791348825843
MonoBehaviour:
  m_ObjectHideFlags: 0
  m_CorrespondingSourceObject: {fileID: 0}
  m_PrefabInstance: {fileID: 0}
  m_PrefabAsset: {fileID: 0}
  m_GameObject: {fileID: 7702012096715350161}
  m_Enabled: 1
  m_EditorHideFlags: 0
  m_Script: {fileID: 11500000, guid: 24fd13686a451ad498101a604d134e39, type: 3}
  m_Name: 
  m_EditorClassIdentifier: 
  syncMode: 0
  syncInterval: 0
  characterController: {fileID: 7717583683014968965}
  _muzzleFlash: {fileID: 0}
  _hitMarkerPrefab: {fileID: 0}
  _weaponAudio: {fileID: 0}
  currentAmmo: 0
  hasCoin: 0
  moveSpeed: 8
  turnSensitivity: 5
  maxTurnSpeed: 150
  horizontal: 0
  vertical: 0
  turn: 6.57
  jumpSpeed: 0
  isGrounded: 1
  isFalling: 0
  velocity: {x: 0, y: 0, z: 0}
--- !u!114 &4324528975504744760
MonoBehaviour:
  m_ObjectHideFlags: 0
  m_CorrespondingSourceObject: {fileID: 0}
  m_PrefabInstance: {fileID: 0}
  m_PrefabAsset: {fileID: 0}
  m_GameObject: {fileID: 7702012096715350161}
  m_Enabled: 1
  m_EditorHideFlags: 0
  m_Script: {fileID: 11500000, guid: 1e6a8bf08f02e254aa9a52ef0aaa1553, type: 3}
  m_Name: 
  m_EditorClassIdentifier: 
  syncMode: 0
  syncInterval: 0.1
  color:
    serializedVersion: 2
    rgba: 4278190080
--- !u!114 &7746036544847437763
MonoBehaviour:
  m_ObjectHideFlags: 0
  m_CorrespondingSourceObject: {fileID: 0}
  m_PrefabInstance: {fileID: 0}
  m_PrefabAsset: {fileID: 0}
  m_GameObject: {fileID: 7702012096715350161}
  m_Enabled: 1
  m_EditorHideFlags: 0
  m_Script: {fileID: 11500000, guid: 1ba998ee2eff92a419f4377519caf095, type: 3}
  m_Name: 
  m_EditorClassIdentifier: 
  syncMode: 0
  syncInterval: 0
  index: 0
  score: 0
--- !u!114 &2044929337
MonoBehaviour:
  m_ObjectHideFlags: 0
  m_CorrespondingSourceObject: {fileID: 0}
  m_PrefabInstance: {fileID: 0}
  m_PrefabAsset: {fileID: 0}
  m_GameObject: {fileID: 7702012096715350161}
  m_Enabled: 1
  m_EditorHideFlags: 0
  m_Script: {fileID: 11500000, guid: af717e9b167fca647b6c86f43e647ef3, type: 3}
  m_Name: 
  m_EditorClassIdentifier: 
  _sensitivity: 5
--- !u!114 &5107629747327251711
MonoBehaviour:
  m_ObjectHideFlags: 0
  m_CorrespondingSourceObject: {fileID: 0}
  m_PrefabInstance: {fileID: 0}
  m_PrefabAsset: {fileID: 0}
  m_GameObject: {fileID: 7702012096715350161}
  m_Enabled: 1
  m_EditorHideFlags: 0
  m_Script: {fileID: 11500000, guid: ac2edce6e0635b6448de2fe6ab9b927a, type: 3}
  m_Name: 
  m_EditorClassIdentifier: 
--- !u!111 &1409918540
Animation:
  m_ObjectHideFlags: 0
  m_CorrespondingSourceObject: {fileID: 0}
  m_PrefabInstance: {fileID: 0}
  m_PrefabAsset: {fileID: 0}
  m_GameObject: {fileID: 7702012096715350161}
  m_Enabled: 1
  serializedVersion: 3
  m_Animation: {fileID: 0}
  m_Animations:
  - {fileID: 7400000, guid: f15c07c4bb03eeb48a7d2f8bfc519969, type: 3}
  - {fileID: 7400000, guid: 68e3a50f30bb0c54e8ca5cfae6eea48d, type: 3}
  - {fileID: 7400000, guid: 272e84c6ff8fea340b19da71308f0475, type: 3}
  m_WrapMode: 0
  m_PlayAutomatically: 0
  m_AnimatePhysics: 0
  m_CullingType: 0
--- !u!1001 &6158719019322772774
PrefabInstance:
  m_ObjectHideFlags: 0
  serializedVersion: 2
  m_Modification:
    m_TransformParent: {fileID: 7707744648827048803}
    m_Modifications:
    - target: {fileID: 100062, guid: f227b5017a7c0184a96c2c26f1e4408d, type: 3}
      propertyPath: m_Name
      value: DungeonSkeleton_demo
      objectReference: {fileID: 0}
    - target: {fileID: 400062, guid: f227b5017a7c0184a96c2c26f1e4408d, type: 3}
      propertyPath: m_RootOrder
      value: 0
      objectReference: {fileID: 0}
    - target: {fileID: 400062, guid: f227b5017a7c0184a96c2c26f1e4408d, type: 3}
      propertyPath: m_LocalPosition.x
      value: 0
      objectReference: {fileID: 0}
    - target: {fileID: 400062, guid: f227b5017a7c0184a96c2c26f1e4408d, type: 3}
      propertyPath: m_LocalPosition.y
      value: -1.37
      objectReference: {fileID: 0}
    - target: {fileID: 400062, guid: f227b5017a7c0184a96c2c26f1e4408d, type: 3}
      propertyPath: m_LocalPosition.z
      value: 0
      objectReference: {fileID: 0}
    - target: {fileID: 400062, guid: f227b5017a7c0184a96c2c26f1e4408d, type: 3}
      propertyPath: m_LocalRotation.w
      value: 1
      objectReference: {fileID: 0}
    - target: {fileID: 400062, guid: f227b5017a7c0184a96c2c26f1e4408d, type: 3}
      propertyPath: m_LocalRotation.x
      value: -0
      objectReference: {fileID: 0}
    - target: {fileID: 400062, guid: f227b5017a7c0184a96c2c26f1e4408d, type: 3}
      propertyPath: m_LocalRotation.y
      value: -0
      objectReference: {fileID: 0}
    - target: {fileID: 400062, guid: f227b5017a7c0184a96c2c26f1e4408d, type: 3}
      propertyPath: m_LocalRotation.z
      value: -0
      objectReference: {fileID: 0}
    - target: {fileID: 400062, guid: f227b5017a7c0184a96c2c26f1e4408d, type: 3}
      propertyPath: m_LocalEulerAnglesHint.x
      value: 0
      objectReference: {fileID: 0}
    - target: {fileID: 400062, guid: f227b5017a7c0184a96c2c26f1e4408d, type: 3}
      propertyPath: m_LocalEulerAnglesHint.y
      value: 0
      objectReference: {fileID: 0}
    - target: {fileID: 400062, guid: f227b5017a7c0184a96c2c26f1e4408d, type: 3}
      propertyPath: m_LocalEulerAnglesHint.z
      value: 0
      objectReference: {fileID: 0}
    m_RemovedComponents: []
  m_SourcePrefab: {fileID: 100100000, guid: f227b5017a7c0184a96c2c26f1e4408d, type: 3}
--- !u!4 &6158719019322644376 stripped
Transform:
  m_CorrespondingSourceObject: {fileID: 400062, guid: f227b5017a7c0184a96c2c26f1e4408d, type: 3}
  m_PrefabInstance: {fileID: 6158719019322772774}
  m_PrefabAsset: {fileID: 0}
